@book{samplebook,
  place={München},
  title={Beispielbuch},
  publisher={GitHub},
  author={Philip Brembeck},
  year={2022}
}

@book{sample:2,
  title={Selbstgeschriebene Hausarbeit},
  author={Jakob Sammer and Philip Brembeck and Ulrike Müller},
  booktitle={Selbstgeschriebene Hausarbeit},
  pages={55--57},
  year={2010},
  address={Berlin},
  publisher={Duden Verlag GmbH}
}

@misc{samplesite:2021,
  title={Hochschule München – Abfassung wissenschaftlicher Arbeiten},
  author={Christine Schönberger},
  year={2017},
  url={https://w3-mediapool.hm.edu/mediapool/media/fk11/fk11_lokal/neu_struktur/9b/Standards_Wiss_Arbeiten_2017_Schoenberger.pdf},
  urldate={2022-09-28}
}