@book{samplebook,
  place={MÃ¼nchen},
  title={Beispielbuch},
  publisher={GitHub},
  author={Philip Brembeck},
  year={2022}
}